<?xml version="1.0" encoding="UTF-8"?><collection xmlns="http://www.loc.gov/MARC21/slim"><record><leader>00326nam--2200133-i-4500</leader><controlfield tag="001">000024812</controlfield><controlfield tag="002">20161230</controlfield><controlfield tag="005">20161230201035</controlfield><controlfield tag="008">060222s1000------------r-----000-0-eng-d</controlfield><datafield ind1=" " ind2=" " tag="080"><subfield code="a">530.1</subfield></datafield><datafield ind1=" " ind2=" " tag="100"><subfield code="a">Ginzberg, V</subfield></datafield><datafield ind1=" " ind2=" " tag="245"><subfield code="a">Physique theoretique et astrophysique</subfield></datafield><datafield ind1=" " ind2=" " tag="260"><subfield code="a">Moscow, Editions Mir., 1978. 443 P</subfield></datafield><datafield ind1=" " ind2=" " tag="852"><subfield code="a">46766</subfield></datafield></record></collection>